<?xml version="1.0" encoding="UTF-8"?><collection xmlns="http://www.loc.gov/MARC21/slim"><record><leader>00624nam--2200181-i-4500</leader><controlfield tag="001">000043621</controlfield><controlfield tag="002">20161230</controlfield><controlfield tag="005">20161230201044</controlfield><controlfield tag="008">060222s1000------------r-----000-0-fre-d</controlfield><datafield ind1=" " ind2=" " tag="040"><subfield code="a">IFIN-HH</subfield></datafield><datafield ind1=" " ind2=" " tag="041"><subfield code="a">fre</subfield></datafield><datafield ind1=" " ind2=" " tag="080"><subfield code="a">539.12.162.8(043)</subfield></datafield><datafield ind1="1" ind2=" " tag="100"><subfield code="a">Strub, Roger</subfield></datafield><datafield ind1="1" ind2="0" tag="245"><subfield code="a">Etude des interactioins k-p entre 1,25 et 1,85 gev/c. sections efficaces des reactions a deux branxhes visibles et analyse en ondes partielles des canaux k-p kn</subfield><subfield code="b">These</subfield><subfield code="c">Roger strub</subfield></datafield><datafield ind1=" " ind2=" " tag="260"><subfield code="a">Strasbourg</subfield><subfield code="b">Universite Louis Pasteur De Strasbourg</subfield><subfield code="c">1972</subfield></datafield><datafield ind1=" " ind2=" " tag="300"><subfield code="a">130P.+36 FIG</subfield></datafield><datafield ind1=" " ind2=" " tag="852"><subfield code="a">40504</subfield><subfield code="c">539.131</subfield></datafield><datafield ind1=" " ind2=" " tag="CAT"><subfield code="a">Sys</subfield><subfield code="c">20120302</subfield><subfield code="h">130315</subfield></datafield></record></collection>